2604 4822
456 378 778 499 ‘'trr)

177 592 317 676 septimo
337 586 486 669 decimo,
510 592 578 668 quo
607 585 742 652 idoneos
757 589 819 671 iam
837 606 910 656 esse
928 557 1155 676 rei·publiras·.
1220 644 1222 648 ‚

176 719 405 798 arbitraretur,
428 713 554 781 milites
566 709 749 793 scripsisse.
774 709 909 783 Videtur
924 732 958 783 et
974 719 1026 784 hie
1040 741 1151 793 annus*

178 842 312 913 Catonis
333 857 477 924 tempore
493 837 657 920 legitimus
677 837 779 906 fuisse
798 813 869 906 rum
895 859 927 910 et
949 847 1151 919 Plutarchum

175 969 259 1048 idem
302 982 436 1041 narret:
481 965 560 1050 <luel
607 969 668 1050 γὰρ
717 952 811 1043 airis
849 972 1155 1046 ἑπτακαίδεκά·

174 1097 346 1180 γεγονὼς
370 1092 443 1170 ,ἔτη
465 1093 519 1167 rim
546 1094 664 1197 erptiam
690 1074 940 1177 separaturum
963 1106 1146 1185 reparetur

175 1220 323 1291 Eundem
348 1217 480 1312 ihuneee
510 1235 626 1285 annum
657 1221 858 1305 significasse
885 1225 1015 1293 videtur
1043 1230 1143 1300 Silius

174 1347 309 1421 italicus
327 1362 400 1408 cum
413 1341 471 1412 -L.
485 1343 530 1412 ΙΙ.
554 1364 588 1412 ν.
608 1352 685 1428 318.
707 1347 812 1417 dicata

142 1473 152 1492 ‘
176 1518 181 1529 .
221 1467 405 1555 „Pubescit
424 1469 538 1536 castris
563 1471 684 1551 miles,
697 1479 850 1558 galeaque
867 1492 1016 1546 teruntur

219 1599 406 1684 „Nondum
425 1596 568 1679 signatae
581 1600 662 1666 flava
674 1601 822 1684 lanugine
839 1607 985 1673 umiae.’'
1039 1638 1042 1675 :

173 1744 206 1797 et
223 1724 382 1810 Virgilius
400 1723 538 1790 Aeneid.
561 1723 605 1793 L.
624 1726 700 1793 Vll.
724 1747 759 1792 v.
784 1729 858 1798 162.

218 1899 241 1937 „
253 1853 344 1920 Ante
356 1846 466 1914 urbem
487 1851 581 1932 pueri
601 1869 633 1918 et
649 1853 811 1935 primaevo
828 1855 906 1921 flore
921 1859 1074 1943 juventus
1135 1897 1138 1901 ·

161 2044 163 2050 .
217 1978 569 2068 „Exercenturequis,
580 1980 801 2066 domitantque
813 1985 1139 2070 inpulverecurrus'?

168 2109 223 2177 Ad
244 2128 337 2192 quem
365 2115 473 2178 locum
491 2109 656 2188 servius,
679 2127 775 2178 vetus
800 2113 1139 2202 Virgilii-interpres,

165 2239 272 2311 minus
290 2233 565 2318 rectesignificari
585 2250 678 2315 putat
704 2256 820 2302 annum
843 2231 944 2322 XVI,
966 2243 1136 2313 scribenss

175 2370 204 2448 ᾗ
219 2365 307 2435 Bene
327 2362 489 2430 Romanae
515 2359 648 2426 militiae
675 2376 796 2425 morem
824 2364 973 2446 exprimit
997 2365 1138 2452 (Virgi-

166 2493 280 2575 ltus)=
305 2509 375 2559 narn
402 2503 479 2572 post
507 2486 705 2570 pubertatem
727 2487 821 2553 armis
851 2493 1080 2561 exercebantur
1105 2509 1138 2561 et
1165 2573 1169 2582 ο
1220 2566 1222 2570 ,

170 2599 252 2690 XVl
279 2636 363 2685 anno
391 2613 582 2681 militabant.
593 2613 616 2642 ”
638 2643 679 2660 -·
699 2613 855 2700 Quamvis
876 2624 980 2687 autem
1008 2618 1140 2699 hicau-

162 2766 232 2815 nus
251 2746 328 2812 satis
356 2759 542 2812 constanter
569 2744 741 2825 manserit,
773 2745 929 2813 interdum
960 2761 1064 2820 tamen
1083 2764 1138 2811 ur·

160 2886 265 2954 ‘genre
278 2869 476 2955 necessitate
499 2881 751 2952 praematuratus
770 2885 841 2951 est;
868 2870 954 2936 utin
972 2866 1059 2933 bello
1074 2870 1140 2949 Pu·

156 2997 246 3066 -riico
270 2996 440 3077 secundo,
464 3014 537 3063 curu
565 2993 675 3076 inopia
696 3008 781 3064 esset
802 2992 1008 3081 juventutis,
1031 2996 1138 3078 decre·

158 3123 370 3193 -ait'Sematus
396 3136 464 3202 „ut
477 3106 622 3195 'Tribuni
639 3120 741 3202 plebis
759 3121 800 3194 ad
815 3125 971 3217 populum
991 3120 1135 3213 ferrent?
1216 3152 1219 3162 ·

170 3262 234 3330 ut,
264 3249 320 3332 qui
343 3248 486 3321 minores
507 3246 599 3325 annis
619 3262 740 3328 septem
762 3264 794 3311 et
809 3248 919 3313 decem
941 3264 1136 3339 sacramento

155 3375 350 3457 -dixissent,
372 3375 414 3439 iis
443 3372 593 3455 proinde·
603 3370 759 3456 stipendia
786 3371 1036 3465 procederent,
1051 3391 1087 3437 ac
1107 3370 1136 3470 si

154 3519 293 3588 -septem
322 3519 353 3570 et
378 3503 487 3567 decem
520 3519 675 3567 annorum
700 3546 714 3584 ,
745 3515 801 3566 aut
819 3500 996 3586 .ntajmes‚.
1017 3496 1135 3588 milites

168 3631 248 3702 facti
276 3629 425 3697 essent.”
464 3627 560 3699 'Vids
587 3628 703 3695 Livius
730 3626 975 3719 Lguxvsc,
1004 3646 1039 3708 5.
1068 3644 1134 3726 quu

156 3768 313 3843 tempore
334 3755 635 3837 »summamfuisse
659 3759 829 3843 juvenum:
844 3753 990 3837 inopiam
1023 3730 1135 3855 eximie

473 3948 489 3963 ·.
530 3904 615 3963 '·:·.‘
665 3883 748 3959 '132
801 3956 836 3969 „
1033 3899 1137 3981 ΑΒ·
