2604 4822
232 903 1025 1043 oeconomo.
1121 979 1132 992 f

76 1159 343 1325 Damaratus
361 1239 404 1300 in·
420 1236 513 1324 Jure
532 1229 674 1326 gradem
706 1235 827 1323 petenti
850 1228 1039 1298 Academica
1098 1271 1100 1275 -

67 1340 123 1411 lese
148 1349 279 1432 imponit
304 1333 524 1436 progressu‘um
554 1333 704 1431 specimen
725 1339 884 1408 exhibere.
920 1332 969 1407 ¹In
988 1358 1065 1444 ese·¹

16 1452 35 1482 ²
55 1448 210 1517 ‘bibendis
238 1452 433 1518 Academicis
465 1449 680 1540 speciminibus
707 1452 775 1517 alii
795 1448 894 1515 aliter
909 1451 1041 1538 persam

65 1564 139 1623 ior.
184 1557 287 1638 Sunt,
311 1565 366 1645 qni
380 1561 478 1644 paulo
498 1574 571 1646 post
597 1548 748 1645 quamjia
767 1551 1043 1624 Academiamdc·

68 1665 132 1728 lati
147 1668 235 1748 sint,
258 1671 293 1730 in
318 1662 467 1755 spso‘jam
496 1666 674 1734 studiorum
695 1656 804 1749 limine
819 1675 1049 1748 argumentum

23 1796 26 1830 s
68 1785 252 1855 quaerant,
276 1787 312 1834 ut
329 1768 373 1835 sic
396 1788 455 1858 pcr
479 1777 652 1838 triennium
678 1753 776 1840 set-‘ic
796 1770 917 1851 longius
936 1785 1044 1830 exeer·

65 1888 173 1960 pentes
182 1875 396 1961 legentesque,
410 1876 537 1942 tandem
548 1923 559 1958 ‚
570 1892 641 1965 post
651 1870 934 1945 multumlaboris',
944 1872 1044 1936 omni·

22 1963 25 1974 ¹
69 1979 125 2044 ius
158 1986 326 2059 nsemcris,
362 1997 516 2066 qnantum
543 1979 621 2062 fieri
643 1979 744 2069 possit
780 1972 1040 2048 absolutissimam

64 2074 318 2150 'dissertationem
335 2089 446 2156 edant.
490 2086 538 2153 Hi
550 2089 695 2176 profheto
720 2080 1043 2171 maximamlaudem

69 2206 245 2257 merentur.
291 2193 372 2255 Sunt
390 2195 452 2258 alii
462 2244 471 2268 ‚
495 2217 627 2282 quorum
646 2217 707 2261 non
724 2194 800 2260 adeo
817 2193 978 2255 consilium
995 2200 1041 2253 ese
1127 2210 1128 2215 ¹

69 2300 142 2361 nori
169 2293 249 2386 quid
271 2295 446 2384 proferre,
479 2318 574 2380 quam
601 2298 725 2385 quidem
750 2299 816 2382 'legi
843 2296 1038 2374 satisfacere.
1121 2304 1123 2306 ’

66 2403 204 2469 Vinium
226 2407 370 2469 mearum
388 2406 558 2470 recedentis
574 2397 975 2490 conscius,·posterioribus
993 2417 1041 2461 me
1112 2444 1116 2449 -
1170 2406 1173 2415 “

62 2516 286 2576 'annumerari
299 2509 495 2579 maluerim.
550 2509 628 2576 Cum
642 2514 736 2599 enim
755 2508 890 2577 nondum
901 2525 963 2597 per
976 2522 1041 2573 tres
1065 2600 1068 2607 Ι
1137 2575 1143 2586 s

71 2635 168 2680 annas
197 2607 232 2678 in
261 2617 359 2706 Juris
388 2617 498 2683 studia
533 2619 756 2700 incubuerim,
787 2641 810 2686 a
832 2619 881 2684 me
899 2614 1039 2705 profecto
1111 2682 1114 2688 ,
1197 2649 1201 2652 >
1247 2618 1249 2626 ’

65 2722 173 2787 *stulius
189 2726 276 2804 crit,
300 2740 337 2790 ert
353 2728 485 2812 opinor,
508 2729 564 2810 qui
587 2724 719 2793 doctam*
732 2734 764 2791 'ee
781 2726 951 2812 elegantem
969 2721 1042 2788 dis·

62 2829 273 2893 'tertationem
291 2845 465 2914 exspectet:
488 2849 618 2913 cumque
633 2829 753 2894 causae
762 2834 826 2895 sint
837 2860 856 2908 ,¹
869 2849 950 2914 quae
962 2843 1040 2913 pro·

67 2931 220 3013 dibeant,
246 2939 408 3019 quominus
422 2933 543 2999 diutius
563 2939 599 2999 irs
616 2935 790 3000 Academia
808 2954 915 3001 rerser
929 2946 960 2997 et
980 2931 1040 2997 Vi·

67 3030 178 3101 rorum
210 3035 467 3105 Clarissimorum
489 3039 672 3106 lectionibus
695 3040 861 3120 intersim,
894 3022 1040 3105 tractan-

64 3138 139 3205 dam
166 3144 245 3206 midi
277 3165 397 3210 sumens
433 3145 597 3210 materiem
636 3149 758 3215 ririlrus
785 3156 860 3214 meis
881 3167 1036 3236 acquam,

65 3247 177 3314 Vitam
196 3250 247 3321 M.
267 3252 376 3317 Porcii
395 3255 523 3321 Catonis
541 3273 563 3317 a
591 3252 715 3338 Nepote
741 3257 918 3342 scriptam,
939 3258 1038 3320 anno·
1072 3316 1090 3329 ,,

66 3357 188 3420 tatione
213 3359 370 3420 inureret.
423 3357 616 3441 Hujusmodi
646 3359 728 3445 quid
756 3383 825 3427 cum
851 3383 913 3427 ‘nee
945 3365 1039 3428 nimis

63 3457 187 3543 defficile
206 3472 282 3522 essct
299 3480 356 3530 nee
372 3469 466 3530 nimis
492 3465 640 3549 longum,
664 3468 823 3533 rarieeate
845 3465 905 3537 lua
919 3474 1040 3555 jucunz

68 3563 145 3628 duos
165 3564 242 3647 fore
271 3558 480 3637 arbitrabarl
522 3570 693 3638 Accedebat
722 3577 805 3658 quod
829 3577 933 3665 Nepos
951 3583 1041 3664 egre,

60 3674 134 3755 gius
160 3678 295 3758 scriptor
321 3681 386 3756 sit,
418 3680 541 3764 cjetsqsse
564 3682 650 3744 sitae
671 3686 707 3744 in
730 3689 881 3749 orationis
905 3675 1040 3768 simplici

64 3778 238 3862 nativaque
255 3784 517 3869 pulchritudine,
542 3792 742 3854 narrationis
759 3796 986 3878 perspicuitate
1006 3807 1039 3861 ct
1123 3864 1125 3866 ,

64 3898 187 3957 mortim
221 3888 477 3978 ingeniorumque
505 3890 736 3984 significatione
756 3905 848 3984 quasi
874 3906 967 3982 viras
986 3905 1039 3969 si·

62 4003 175 4049 rorum
204 3991 358 4080 imagines
384 3994 497 4081 offerre
527 4001 719 4088 rideantur,
746 4019 778 4070 ee
807 4003 950 4094 efficaces.
967 4023 1039 4073 eam

994 4107 1040 4176 ad
